@book{Cormen:2009:IAT:1614191,
	author = {Cormen, Thomas H. and Leiserson, Charles E. and Rivest, Ronald L. and Stein, Clifford},
	title = {Introduction to Algorithms, Third Edition},
	year = {2009},
	isbn = {0262033844, 9780262033848},
	edition = {3rd},
	publisher = {The MIT Press},
} 


@misc{TimeComplexityPy,
	title = {Time Complexity - Python Wiki},
	author = {Hartley, Jonathan},
	howpublished = {\url{https://wiki.python.org/moin/TimeComplexity}},
	note = {Zuletzt bearbeitet: 05.06.2017,  Zugriff: 01.02.2018}
}


@misc{SptfyTrackID,
	title = {Spotify URIs and IDs - Spotify Web API User Guide},
	howpublished = {\url{https://developer.spotify.com/web-api/user-guide/#spotify-uris-and-ids}},
	note = {Zugriff: 01.02.2018}
}

@misc{API,
	title = {A Java wrapper/client for the Spotify Web API},
	howpublished = {\url{https://github.com/thelinmichael/spotify-web-api-java}},
}

@misc{CPROF,
	title = {The Python Standard Library Documentation - 26.4.3. profile and cProfile Module Reference},
	howpublished = {\url{https://docs.python.org/2/library/profile.html#module-cProfile}},
	note = {Zugriff: 01.02.2018}
}


@misc{TIME,
	title = {The Python Standard Library Documentation - 15.3. time — Time access and conversions},
	howpublished = {\url{https://docs.python.org/2/library/time.html#time.time}},
	note = {Zugriff: 02.02.2018}
}

@misc{SNAKE,
	title = {SnakeViz - a browser based graphical viewer for the output of Python’s cProfile module},
	howpublished = {\url{https://jiffyclub.github.io/snakeviz/}},
}


@misc{TimeComplexityPy,
	title = {},
	author = {},
	howpublished = {\url{}},
	note = {Zuletzt bearbeitet: 05.06.2017,  Zugriff: 01.02.2018}
}

@misc{TimeComplexityPy,
	title = {},
	author = {},
	howpublished = {\url{}},
	note = {Upload: 05.06.2017,  Zugriff: 29.04.2018}
}

@techreport{src1,
	title = {{Data lakes and the promise of unsiloed data}},
	author = { Brian Stein, Alan Morrison },
	year = {2014},
	institution = {PricewaterhouseCooper}
}

@misc{src2,
	title = {Say Goodbye To Your Data Lake In 2017},
	author = {James Ovenden},
	howpublished = {\url{https://channels.theinnovationenterprise.com/articles/say-goodbye-to-your-data-lake-in-2017}},
	note = {Veröffentlicht: 10.01.2017,  Zugriff: 29.04.2018}
}


@misc{src3,
	title = {Gartner Says Beware of the Data Lake Fallacy},
	author = {Janessa Rivera,Rob van der Meulen},
	howpublished = {\url{https://www.gartner.com/newsroom/id/2809117}},
	note = {Veröffentlicht: 28.07.2014,  Zugriff: 29.04.2018}
}


@misc{src4,
	title = {Are Data Lakes Fake News?},
	author = {Uli Bethke},
	howpublished = {\url{https://sonra.io/2017/08/08/are-data-lakes-fake-news/}},
	note = {Veröffentlicht: 08.08.2017,  Zugriff: 29.04.2018}
}

@misc{src5,
	title = {James Dixon’s Blog: Pentaho, Hadoop, and Data Lakes},
	author = {James Dixon},
	howpublished = {\url{https://jamesdixon.wordpress.com/2010/10/14/pentaho-hadoop-and-data-lakes/}},
	note = {Veröffentlicht: 14.10.2010,  Zugriff: 29.04.2018}
}

@misc{src6,
	title = {Pentaho Hadoop Series Part 1: Big Data Architecture},
	author = {James Dixon},
	howpublished = {\url{https://www.youtube.com/watch?v=tR_yLsr87Uk}},
	note = {Upload: 24.10.2012,  Zugriff: 29.04.2018}
}

@misc{src6b,
	title = {Pentaho Hadoop Series Part 3: Overview},
	author = {James Dixon},
	howpublished = {\url{https://www.youtube.com/watch?v=_lCyXUA1iag&t=6s}},
	note = {Upload: 24.10.2012,  Zugriff: 30.04.2018}
}


@misc{src7,
	title = {Why Companies Are Jumping Into Data Lakes},
	author = {Lance Weaver},
	howpublished = {\url{https://blog.equinix.com/blog/2016/11/10/why-companies-are-jumping-into-data-lakes/}},
	note = {Veröffentlicht: 10.11.2016,  Zugriff: 29.04.2018}
}

@article{src8,
	author = {Mathis, Christian},
	title = {Data Lakes},
	journal = {Datenbank-Spektrum},
	volume = {17},
	number = {3},
	year = {2017},
	pages = { 289-293 }
}

@misc{src9,
	title = {Enterprise Data Lake: Architecture Using Big Data Technologies},
	author = {Bhushan Satpute},
	howpublished = {\url{https://www.youtube.com/watch?v=hsq4s_l9ZDM&t=380s}},
	note = {Upload: 28.03.2016,  Zugriff: 29.04.2018}
}

@misc{src10,
	title = {How to beat the CAP theorem},
	author = {Nathan Marz},
	howpublished = {\url{http://nathanmarz.com/blog/how-to-beat-the-cap-theorem.html}},
	note = {Veröffentlicht: 13.10.2011,  Zugriff: 29.04.2018}
}

@misc{src11,
	title = {Questioning the Lambda Architecture},
	author = {Jay Kreps},
	howpublished = {\url{https://www.oreilly.com/ideas/questioning-the-lambda-architecture}},
	note = {Veröffentlicht: 02.07.2014,  Zugriff: 29.04.2018}
}

@misc{src12,
	title = {How to Build a Successful Data Lake: Talk at Hadoop Summit 2016},
	author = {Alex Gorelik},
	howpublished = {\url{https://www.youtube.com/watch?v=zHokpz3qNJ8&t=610s}},
	note = {Upload: 29.06.2016,  Zugriff: 29.04.2018}
}

@misc{src13,
	title = {What is a Data Lake, anyway},
	author = {Martin Willcox},
	howpublished = {\url{https://www.youtube.com/watch?v=NO0r452uQM0&t=835s}},
	note = {Upload: 10.02.2015,  Zugriff: 29.04.2018}
}

@misc{src14,
	title = {James Dixon’s Blog: Data Lakes Revisited},
	author = {James Dixon},
	howpublished = {\url{https://jamesdixon.wordpress.com/2014/09/25/data-lakes-revisited/}},
	note = {Veröffentlicht: 25.09.2014,  Zugriff: 29.04.2018}
}

@misc{src15,
	title = {Pentaho Hadoop Series Part 5: Big Data and Data Warehouses},
	author = {James Dixon},
	howpublished = {\url{https://www.youtube.com/watch?v=1CG01JmKp2Y&t=2s}},
	note = {Upload: 24.10.2012,  Zugriff: 29.04.2018}
}

@misc{dlc,
	title = {Zaloni Homepage},
	author = {Zaloni},
	howpublished = {\url{https://www.zaloni.com}},
	note = {Zugriff: 30.04.2018}
}

@misc{mdb,
	title = {The Future of Big Data Architecture},
	author = {Matt Kalan},
	howpublished = {\url{https://www.mongodb.com/blog/post/the-future-of-big-data-architecture}},
	note = {Veröffentlicht: 13.01.2017, Zugriff: 30.04.2018}
}


@misc{c1,
	title = {4 Data Lake Tools Vendors to Watch in 2018},
	author = {Timothy King},
	howpublished = {\url{https://solutionsreview.com/data-management/4-data-lake-tools-vendors-to-watch-in-2018/}},
	note = {Veröffentlicht: 17.04.2018, Zugriff: 02.05.2018}
}

@misc{c2,
	title = {Hitachi Website: Enterprise Data Lake },
	author = {Hitachi Vantara},
	howpublished = {\url{https://www.hitachivantara.com/de-de/solutions/data-analytics/enterprise-data-lake.html}},
	note = {Zugriff: 02.05.2018}
}


@misc{c3,
	title = {Enterprise hadoop and the journey to a data lake},
	author = {Shaun Connolly},
	howpublished = {\url{https://de.hortonworks.com/blog/enterprise-hadoop-journey-data-lake/}},
	note = {Veröffentlicht: 15.03.2014, Zugriff: 02.05.2018}
}